@article{Cand_s_2018,
   title={Panning for gold: “model-X” knockoffs for high dimensional controlled variable selection},
   volume={80},
   ISSN={1369-7412},
   url={http://dx.doi.org/10.1111/RSSB.12265},
   DOI={10.1111/rssb.12265},
   number={3},
   journal={Journal of the Royal Statistical Society: Series B (Statistical Methodology)},
   publisher={Wiley},
   author={Candès, Emmanuel and Fan, Yingying and Janson, Lucas and Lv, Jinchi},
   year={2018},
   month={Jan},
   pages={551–577}
}
