@article{Bates_2020,
   title={Causal inference in genetic trio studies},
   volume={117},
   ISSN={1091-6490},
   url={http://dx.doi.org/10.1073/pnas.2007743117},
   DOI={10.1073/pnas.2007743117},
   number={39},
   journal={Proceedings of the National Academy of Sciences},
   publisher={Proceedings of the National Academy of Sciences},
   author={Bates, Stephen and Sesia, Matteo and Sabatti, Chiara and Candès, Emmanuel},
   year={2020},
   month={Sep},
   pages={24117–24126}
}